@misc{ ballmer-scribbr,
    AUTHOR ="Raimo Streefkerk",
    YEAR = " January 17, 2018 ",
    TITLE = "6 types of Plagiarism and how to avoid them (with examples)",
    URL = "https://www.scribbr.com/plagiarism/types-of-plagiarism/"
}

@article{SentinelOne,
    AUTHOR ="Unknown",
    YEAR = " July 17, 2019",
    TITLE = "What is OSINT? (And How Is It Used?)",
    URL = "https://www.sentinelone.com/blog/what-is-osint-how-is-it-used/"	
}

@misc{ SECUREWORKS,
    AUTHOR ="Unknown",
    YEAR = " MAY 12, 2017 ",
    TITLE = "Cyber Threat Basics, Types of Threats, Intelligence & Best Practices",
    URL = "https://www.secureworks.com/blog/cyber-threat-basics"
}

@misc { TechBeacon,
    AUTHOR ="Sherif Koussa",
    YEAR = " 2021 ",
    TITLE = "13 tools for checking the security risk of open-source dependencies",
    URL = "https://techbeacon.com/app-dev-testing/13-tools-checking-security-risk-open-source-dependencies"
}

@misc { DATAINSIDER ,
    AUTHOR ="Juliana DeGroot ",
    YEAR = "December 31, 2020",
    TITLE = "50 Threat Intelligence Tools for Valuable Threat Insights",
    URL = "https://digitalguardian.com/blog/50-threat-intelligence-tools-valuable-threat-insights"
}

@misc { DNSstuff,
    AUTHOR ="Staff Contributor",
    YEAR = "September 14, 2020",
    TITLE = "What Is Threat Intelligence? Definition and Types",
    URL = "https://www.dnsstuff.com/what-is-threat-intelligence"
}

@misc {VARONIS,
    AUTHOR = "Jeff Petters",
    YEAR = "May 20, 2020",
    TITLE = "How to Use Nmap: Commands and Tutorial Guide",
    URL = "https://www.varonis.com/blog/nmap-commands/#:~:text=Nmap%20is%20a%20network%20mapper%20that%20has%20emerged,scanning%2C%20ping%20sweeps%2C%20OS%20detection%2C%20and%20version%20detection."
}

@misc {ExpertInsights,
    AUTHOR = "Joel Witts",
    YEAR = "Mar 22, 2021",
    TITLE = "The Top 5 Biggest Cyber Security Threats That Small Businesses Face And How To Stop Them",
    URL = "https://expertinsights.com/insights/the-top-5-biggest-cyber-security-threats-that-small-businesses-face-and-how-to-stop-them/"
}


